@article{hawco2019separable,
  title={Separable and replicable neural strategies during social brain function in people with and without severe mental illness},
  author={Hawco, Colin and Buchanan, Robert W and Calarco, Navona and Mulsant, Benoit H and Viviano, Joseph D and Dickie, Erin W and Argyelan, Miklos and Gold, James M and Iacoboni, Marco and DeRosse, Pamela and others},
  journal={American Journal of Psychiatry},
  volume={176},
  number={7},
  pages={521--530},
  year={2019},
  publisher={American Psychiatric Association Washington, DC}
}

@article{stojanovski2019polygenic,
  title={Polygenic risk and neural substrates of attention-deficit/hyperactivity disorder symptoms in youths with a history of mild traumatic brain injury},
  author={Stojanovski, Sonja and Felsky, Daniel and Viviano, Joseph D and Shahab, Saba and Bangali, Rutwik and Burton, Christie L and Devenyi, Gabriel A and O’Donnell, Lauren J and Szatmari, Peter and Chakravarty, M Mallar and others},
  journal={Biological Psychiatry},
  volume={85},
  number={5},
  pages={408--416},
  year={2019},
  publisher={Elsevier}
}

@article{dickie2019ciftify,
  title={Ciftify: A framework for surface-based analysis of legacy MR acquisitions},
  author={Dickie, Erin W and Anticevic, Alan and Smith, Dawn E and Coalson, Timothy S and Manogaran, Mathuvanthi and Calarco, Navona and Viviano, Joseph D and Glasser, Matthew F and Van Essen, David C and Voineskos, Aristotle N},
  journal={Neuroimage},
  volume={197},
  pages={818--826},
  year={2019},
  publisher={Academic Press}
}

@article{dickie201934,
  title={34.4 EXAMINING SUBCORTICAL-CORTICAL CONNECTIVITY IN SCHIZOPHRENIA USING PERSONALIZED INTRINSIC NETWORK TOPOGRAPHY},
  author={Dickie, Erin and Shahab, Saba and Miranda, Dayton and Viviano, Joseph and Argyelan, Miklos and Malhotra, Anil and Voineskos, Aristotle},
  journal={Schizophrenia Bulletin},
  volume={45},
  number={Supplement\_2},
  pages={S146--S146},
  year={2019},
  publisher={Oxford University Press US}
}

@article{jacobs2019developmentally,
  title={Developmentally divergent sexual dimorphism in the cortico-striatal--thalamic--cortical psychosis risk pathway},
  author={Jacobs, Grace R and Ameis, Stephanie H and Ji, Jie Lisa and Viviano, Joseph D and Dickie, Erin W and Wheeler, Anne L and Stojanovski, Sonja and Anticevic, Alan and Voineskos, Aristotle N},
  journal={Neuropsychopharmacology},
  volume={44},
  number={9},
  pages={1649--1658},
  year={2019},
  publisher={Springer International Publishing Cham}
}

@article{hawco2019124,
  title={124. Separable and Replicable Neural Strategies During Social Brain Function in People With and Without Severe Mental Illness},
  author={Hawco, Colin and Buchanan, Robert and Calarco, Navona and Mulsant, Benoit and Viviano, Joseph and Dickie, Erin and Argyelan, Miklos and Gold, James and Iacoboni, Marco and DeRosse, Pamela and others},
  journal={Biological Psychiatry},
  number={10},
  pages={S51--S52},
  year={2019},
  publisher={Elsevier}
}

@article{lemire2019inhibit,
  title={Inhibit, switch, and update: A within-subject fMRI investigation of executive control},
  author={Lemire-Rodger, Sabrina and Lam, Jaeger and Viviano, Joseph D and Stevens, W Dale and Spreng, R Nathan and Turner, Gary R},
  journal={Neuropsychologia},
  volume={132},
  pages={107134},
  year={2019},
  publisher={Pergamon}
}

@inproceedings{viviano2021saliency,
  title={Saliency is a Possible Red Herring When Diagnosing Poor Generalization},
  author={Viviano, Joseph D and Simpson, Becks and Dutil, Francis and Bengio, Yoshua and Cohen, Joseph Paul},
  booktitle={International Conference on Learning Representations (ICLR)},
  year={2021}
}

@article{overton2020identifying,
  title={Identifying psychosis spectrum youth using support vector machines and cerebral blood perfusion as measured by arterial spin labeled fMRI},
  author={Overton, Dawson J and Bhagwat, Nikhil and Viviano, Joseph D and Jacobs, Grace R and Voineskos, Aristotle N},
  journal={NeuroImage: Clinical},
  volume={27},
  pages={102304},
  year={2020},
  publisher={Elsevier}
}

@article{viviano2022retrospective,
  title={Retrospective comparison of the George Gauge™ registration and the sibilant phoneme registration for constructing OSA oral appliances},
  author={Viviano, John and Klauer, Daniel and Olmos, Steven and Viviano, Joseph D},
  journal={Cranio{\textregistered}},
  volume={40},
  number={1},
  pages={5--13},
  year={2022},
  publisher={Taylor \& Francis}
}

@inproceedings{luccioni2021s,
  title={What’s in the Box? A Preliminary Analysis of Undesirable Content in the Common Crawl Corpus},
  author={Luccioni, Alexandra Sasha and Viviano, Joseph D},
  booktitle={ACL-IJCNLP},
  volume={2021},
  pages={submission--87},
  year={2021}
}

@inproceedings{cohen2022torchxrayvision,
  title={TorchXRayVision: A library of chest X-ray datasets and models},
  author={Cohen, Joseph Paul and Viviano, Joseph D and Bertin, Paul and Morrison, Paul and Torabian, Parsa and Guarrera, Matteo and Lungren, Matthew P and Chaudhari, Akshay and Brooks, Rupert and Hashir, Mohammad and others},
  booktitle={International Conference on Medical Imaging with Deep Learning},
  pages={231--249},
  year={2022},
  organization={PMLR}
}

@article{cohen2021problems,
  title={Problems in the deployment of machine-learned models in health care},
  author={Cohen, Joseph Paul and Cao, Tianshi and Viviano, Joseph D and Huang, Chin-Wei and Fralick, Michael and Ghassemi, Marzyeh and Mamdani, Muhammad and Greiner, Russell and Bengio, Yoshua},
  journal={Cmaj},
  volume={193},
  number={35},
  pages={E1391--E1394},
  year={2021},
  publisher={CMAJ}
}

@article{oliver2022group,
  title={From the group to the individual in schizophrenia spectrum disorders: biomarkers of social cognitive impairments and therapeutic translation},
  author={Oliver, Lindsay D and Hawco, Colin and Viviano, Joseph D and Voineskos, Aristotle N},
  journal={Biological Psychiatry},
  volume={91},
  number={8},
  pages={699--708},
  year={2022},
  publisher={Elsevier}
}

@article{tetteh2021multi,
  title={Multi-domain balanced sampling improves out-of-distribution generalization of chest x-ray pathology prediction models},
  author={Tetteh, Enoch and Viviano, Joseph and Bengio, Yoshua and Krueger, David and Cohen, Joseph Paul},
  journal={arXiv preprint arXiv:2112.13734},
  year={2021}
}

@article{lahlou2023torchgfn,
  title={torchgfn: A PyTorch GFlowNet library},
  author={Lahlou, Salem and Viviano, Joseph D and Schmidt, Victor and Bengio, Yoshua},
  journal={arXiv preprint arXiv:2305.14594},
  year={2023}
}

@inproceedings{dickie2019robust,
  title={Robust Hierarchically Organized Whole-Brain Patterns of Dysconnectivity in Schizophrenia Spectrum Disorders Observed After Personalized Intrinsic Network Topography},
  author={Dickie, Erin and Shahab, Saba and Miranda, Dayton and Herman, Gabrielle and Argyelan, Miklos and Ji, Jie Lisa and Jeyachandra, Jerrold and Viviano, Joseph and Anticevic, Alan and Malhotra, Anil and others},
  booktitle={NEUROPSYCHOPHARMACOLOGY},
  volume={44},
  number={SUPPL 1},
  pages={167--167},
  year={2019},
  organization={NATURE PUBLISHING GROUP MACMILLAN BUILDING, 4 CRINAN ST, LONDON N1 9XW, ENGLAND}
}

@article{boussif2024action,
  title={Action abstractions for amortized sampling},
  author={Boussif, Oussama and Ezzine, L{\'e}na N{\'e}hale and Viviano, Joseph D and Koziarski, Micha{\l} and Jain, Moksh and Malkin, Nikolay and Bengio, Emmanuel and Assouel, Rim and Bengio, Yoshua},
  journal={arXiv preprint arXiv:2410.15184},
  year={2024}
}

@article{bertin2025scalable,
  title={A scalable gene network model of regulatory dynamics in single cells},
  author={Bertin, Paul and Viviano, Joseph D and Tejada-Lapuerta, Alejandro and Wang, Weixu and Bauer, Stefan and Theis, Fabian J and Bengio, Yoshua},
  journal={arXiv preprint arXiv:2503.20027},
  year={2025}
}

@article{delaunay2024introducing,
  title={Introducing Milabench: Benchmarking Accelerators for AI},
  author={Delaunay, Pierre and Bouthillier, Xavier and Breuleux, Olivier and Ortiz-Gagn{\'e}, Satya and Bilaniuk, Olexa and Normandin, Fabrice and Bergeron, Arnaud and Carrez, Bruno and Alain, Guillaume and Blanc, Soline and others},
  journal={arXiv preprint arXiv:2411.11940},
  year={2024}
}